@comment{x-kbibtex-encoding=utf-8}

%---------------------------------------------------------- Bibliography

@article{lopez_recent_2017,
	author = {Lopez, Gerardo A. and Estevez, M.-Carmen and Soler, Maria and Lechuga, Laura M.},
	date = {2017-01-06},
	doi = {10.1515/nanoph-2016-0101},
	issn = {2192-8614, 2192-8606},
	journaltitle = {Nanophotonics},
	number = {1},
	pages = {123--136},
	shorttitle = {Recent advances in nanoplasmonic biosensors},
	title = {Recent advances in nanoplasmonic biosensors: applications and lab-on-a-chip integration},
	url = {https://www.degruyter.com/view/journals/nanoph/6/1/article-p123.xml},
	volume = {6}
}

@article{qiu_differential_2015,
	author = {Qiu, Guangyu and Ng, Siu Pang and Wu, Chi Man Lawrence},
	date = {2015-05-01},
	doi = {10.1364/OL.40.001924},
	issn = {0146-9592, 1539-4794},
	journaltitle = {Optics Letters},
	number = {9},
	pages = {1924},
	shortjournal = {Opt. Lett.},
	title = {Differential phase-detecting localized surface plasmon resonance sensor with self-assembly gold nano-islands},
	url = {https://www.osapublishing.org/abstract.cfm?URI=ol-40-9-1924},
	volume = {40}
}

@article{feuz_improving_2010,
	author = {Feuz, Laurent and J{\"o}nsson, Peter and Jonsson, Magnus P. and H{\"o}{\"o}k, Fredrik},
	date = {2010-04-27},
	doi = {10.1021/nn901457f},
	issn = {1936-0851, 1936-086X},
	journaltitle = {{ACS} Nano},
	number = {4},
	pages = {2167--2177},
	shortjournal = {{ACS} Nano},
	title = {Improving the Limit of Detection of Nanoscale Sensors by Directed Binding to High-Sensitivity Areas},
	url = {https://pubs.acs.org/doi/10.1021/nn901457f},
	volume = {4}
}

@article{stockman_nanoplasmonics_2011,
	author = {Stockman, Mark I.},
	date = {2011-02},
	doi = {10.1063/1.3554315},
	issn = {0031-9228, 1945-0699},
	journaltitle = {Physics Today},
	number = {2},
	pages = {39--44},
	shortjournal = {Physics Today},
	shorttitle = {Nanoplasmonics},
	title = {Nanoplasmonics: The physics behind the applications},
	url = {http://physicstoday.scitation.org/doi/10.1063/1.3554315},
	volume = {64}
}

@article{gonzalez-alcalde_large_2020,
	author = {Gonz{\'a}lez-Alcalde, Alma K. and Reyes-Coronado, Alejandro},
	date = {2020-11},
	doi = {10.1016/j.optcom.2020.126289},
	issn = {00304018},
	journaltitle = {Optics Communications},
	pages = {126289},
	shortjournal = {Optics Communications},
	title = {Large angle-independent structural colors based on all-dielectric random metasurfaces},
	url = {https://linkinghub.elsevier.com/retrieve/pii/S0030401820307069},
	volume = {475}
}

@manual{comsol_wave,
	address = { Stockholm, Sweden.},
	author = {{COMSOL Multiphysics\texttrademark{} Ver. 6.0}},
	note = {\url{https://doc.comsol.com/5.4/doc/com.comsol.help.woptics/WaveOpticsModuleUsersGuide.pdf}},
	organization = {{COMSOL AB}},
	title = {Wave Optics Module User's Guide},
	year = {2021}
}

@article{jain_noble_2008,
	author = {Jain, Prashant K. and Huang, Xiaohua and El-Sayed, Ivan H. and El-Sayed, Mostafa A.},
	date = {2008-12-16},
	doi = {10.1021/ar7002804},
	issn = {0001-4842, 1520-4898},
	journaltitle = {Accounts of Chemical Research},
	number = {12},
	pages = {1578--1586},
	shortjournal = {Acc. Chem. Res.},
	shorttitle = {Noble Metals on the Nanoscale},
	title = {Noble Metals on the Nanoscale: Optical and Photothermal Properties and Some Applications in Imaging, Sensing, Biology, and Medicine},
	url = {https://pubs.acs.org/doi/10.1021/ar7002804},
	volume = {41}
}

@book{novotny_principles_2011,
	author = {Novotn{\'y}, Luk{\'a}{\v s} and Hecht, Bert},
	date = {2011},
	edition = {1},
	isbn = {978-0-521-53988-3 978-0-521-83224-3},
	location = {Cambridge},
	pagetotal = {539},
	publisher = {Cambridge Univ. Press},
	title = {Principles of nano-optics}
}

@manual{comsol_doc,
	address = { Stockholm, Sweden.},
	author = {{COMSOL Multiphysics\texttrademark{} Ver. 6.0}},
	note = {\url{https://doc.comsol.com/}},
	organization = {{COMSOL AB}},
	title = {COMSOL Documentation},
	year = {2021}
}

@article{estevez_trends_2014,
	author = {Estevez, M.-Carmen and Otte, Marinus A. and Sepulveda, Borja and Lechuga, Laura M.},
	date = {2014-01},
	doi = {10.1016/j.aca.2013.10.048},
	issn = {00032670},
	journaltitle = {Analytica Chimica Acta},
	pages = {55--73},
	shortjournal = {Analytica Chimica Acta},
	shorttitle = {Trends and challenges of refractometric nanoplasmonic biosensors},
	title = {Trends and challenges of refractometric nanoplasmonic biosensors: A review},
	url = {https://linkinghub.elsevier.com/retrieve/pii/S0003267013013913},
	volume = {806}
}

@article{svedendahl_refractometric_2014,
	author = {Svedendahl, Mikael and Verre, Ruggero and K{\"a}ll, Mikael},
	date = {2014-11},
	doi = {10.1038/lsa.2014.101},
	issn = {2047-7538},
	journaltitle = {Light: Science \& Applications},
	number = {11},
	pages = {e220--e220},
	shortjournal = {Light Sci Appl},
	title = {Refractometric biosensing based on optical phase flips in sparse and short-range-ordered nanoplasmonic layers},
	url = {http://www.nature.com/articles/lsa2014101},
	volume = {3}
}

@article{chen_review_2016,
	author = {Chen, Hou-Tong and Taylor, Antoinette J and Yu, Nanfang},
	date = {2016-07-01},
	doi = {10.1088/0034-4885/79/7/076401},
	issn = {0034-4885, 1361-6633},
	journaltitle = {Reports on Progress in Physics},
	number = {7},
	pages = {076401},
	shortjournal = {Rep. Prog. Phys.},
	shorttitle = {A review of metasurfaces},
	title = {A review of metasurfaces: physics and applications},
	url = {https://iopscience.iop.org/article/10.1088/0034-4885/79/7/076401},
	volume = {79}
}

@article{abdelraouf_recent_2022,
	author = {Abdelraouf, Omar A. M. and Wang, Ziyu and Liu, Hailong and Dong, Zhaogang and Wang, Qian and Ye, Ming and Wang, Xiao Renshaw and Wang, Qi Jie and Liu, Hong},
	date = {2022-09-27},
	doi = {10.1021/acsnano.2c04628},
	issn = {1936-0851, 1936-086X},
	journaltitle = {{ACS} Nano},
	number = {9},
	pages = {13339--13369},
	shortjournal = {{ACS} Nano},
	shorttitle = {Recent Advances in Tunable Metasurfaces},
	title = {Recent Advances in Tunable Metasurfaces: Materials, Design, and Applications},
	url = {https://pubs.acs.org/doi/10.1021/acsnano.2c04628},
	volume = {16}
}

@article{kim_plasmonic_2019,
	author = {Kim, Minho and Lee, Jung‐Hoon and Nam, Jwa‐Min},
	date = {2019-09},
	doi = {10.1002/advs.201900471},
	issn = {2198-3844, 2198-3844},
	journaltitle = {Advanced Science},
	number = {17},
	pages = {1900471},
	shortjournal = {Adv. Sci.},
	title = {Plasmonic Photothermal Nanoparticles for Biomedical Applications},
	url = {https://onlinelibrary.wiley.com/doi/10.1002/advs.201900471},
	urldate = {2022-10-27},
	volume = {6}
}

@article{anyutin_algorithm_2019,
	author = {Anyutin, N. V. and Kurbatov, K. I. and Malay, I. M. and Ozerov, M. A.},
	date = {2019-03},
	doi = {10.3103/S0735272719030026},
	issn = {0735-2727, 1934-8061},
	journaltitle = {Radioelectronics and Communications Systems},
	number = {3},
	pages = {109--118},
	shortjournal = {Radioelectron.Commun.Syst.},
	title = {Algorithm for Transforming Antenna Electromagnetic Near-Field Measured on Spherical Surface into Far-Field Based on Direct Calculation of {S}tratton and {C}hu Formulas},
	url = {http://link.springer.com/10.3103/S0735272719030026},
	volume = {62}
}

@article{stratton_diffraction_1939,
	author = {Stratton, J. A. and Chu, L. J.},
	date = {1939-07-01},
	doi = {10.1103/PhysRev.56.99},
	issn = {0031-899X},
	journaltitle = {Physical Review},
	number = {1},
	pages = {99--107},
	shortjournal = {Phys. Rev.},
	title = {Diffraction Theory of Electromagnetic Waves},
	url = {https://link.aps.org/doi/10.1103/PhysRev.56.99},
	volume = {56}
}

@book{hulst_light_1981,
	author = {Hulst, H. C. van de},
	date = {1981},
	isbn = {978-0-486-64228-4},
	keywords = {Light, Scattering},
	location = {New York},
	pagetotal = {470},
	publisher = {Dover Publications},
	title = {Light scattering by small particles}
}

@book{bedeaux_optical_2004,
	author = {Bedeaux, Dick and Vlieger, Jan},
	date = {2004},
	edition = {2},
	isbn = {978-1-86094-450-5},
	location = {London},
	pagetotal = {450},
	publisher = {Imperial College Press},
	title = {Optical properties of surfaces}
}

@book{sihvola_electromagnetic_2008,
	author = {Sihvola, Ari},
	date = {2008},
	isbn = {978-0-85296-772-0},
	publisher = {The Institution of Engineering and Technology},
	series = {Electronic Waves},
	title = {Electromagnetic Mixing Formulas and Applications}
}

@book{abramowitz_handbook_2013,
	author = {Abramowitz, Milton and Stegun, Irene A.},
	date = {2013},
	edition = {9},
	isbn = {978-0-486-61272-0},
	location = {New York, {NY}},
	pagetotal = {1046},
	publisher = {Dover},
	shorttitle = {Handbook of mathematical functions},
	title = {Handbook of mathematical functions: with formulas, graphs, and mathematical tables}
}

@article{berenger_perfectly_1994,
	author = {Berenger, Jean-Pierre},
	date = {1994-10},
	doi = {10.1006/jcph.1994.1159},
	issn = {00219991},
	journaltitle = {Journal of Computational Physics},
	number = {2},
	pages = {185--200},
	shortjournal = {Journal of Computational Physics},
	title = {A perfectly matched layer for the absorption of electromagnetic waves},
	url = {https://linkinghub.elsevier.com/retrieve/pii/S0021999184711594},
	urldate = {2022-06-02},
	volume = {114}
}

@article{chew_complex_1997,
	author = {Chew, W. C. and Jin, J. M. and Michielssen, E.},
	date = {1997-08-20},
	doi = {10.1002/(SICI)1098-2760(19970820)15:6<363::AID-MOP8>3.0.CO;2-C},
	issn = {0895-2477, 1098-2760},
	journaltitle = {Microwave and Optical Technology Letters},
	number = {6},
	pages = {363--369},
	shortjournal = {Microw. Opt. Technol. Lett.},
	title = {Complex coordinate stretching as a generalized absorbing boundary condition},
	url = {https://onlinelibrary.wiley.com/doi/10.1002/(SICI)1098-2760(19970820)15:6<363::AID-MOP8>3.0.CO; 2-C},
	volume = {15}
}

@article{schot_eighty_1992,
	author = {Schot, Steven H},
	date = {1992-11},
	doi = {10.1016/0315-0860(92)90004-U},
	issn = {03150860},
	journaltitle = {Historia Mathematica},
	number = {4},
	pages = {385--401},
	shortjournal = {Historia Mathematica},
	title = {Eighty years of {S}ommerfeld's radiation condition},
	url = {https://linkinghub.elsevier.com/retrieve/pii/031508609290004U},
	volume = {19}
}

@book{colton_inverse_2019,
	address = {Cham},
	author = {Colton, David and Kress, Rainer},
	doi = {10.1007/978-3-030-30351-8},
	isbn = {978-3-030-30350-1 978-3-030-30351-8},
	publisher = {Springer International Publishing},
	series = {Applied {Mathematical} {Sciences}},
	title = {Inverse {Acoustic} and {Electromagnetic} {Scattering} {Theory}},
	url = {http://link.springer.com/10.1007/978-3-030-30351-8},
	volume = {93},
	year = {2019}
}

@book{silver_microwave_1984,
	author = {Silver, Samuel},
	date = {1984},
	isbn = {978-0-86341-017-8},
	pagetotal = {640},
	publisher = {The Institution of Engineering and Technology},
	title = {Microwave Antenna Theory and Design}
}

@article{bergot_generation_2010,
	author = {Bergot, M. and Lacoste, P.},
	doi = {10.1016/j.cam.2009.08.044},
	issn = {03770427},
	journal = {Journal of Computational and Applied Mathematics},
	month = jul,
	number = {6},
	pages = {1937--1944},
	title = {Generation of higher-order polynomial basis of {N{\'e}d{\'e}lec} {H}(curl) finite elements for {Maxwell}{\rq}s equations},
	url = {https://linkinghub.elsevier.com/retrieve/pii/S0377042709005226},
	volume = {234},
	year = {2010}
}

@book{bondeson_computational_2005,
	address = {New York, N.Y},
	author = {Bondeson, A. and Rylander, Thomas and Ingelstr{\"o}m, P{\"a}r},
	isbn = {978-0-387-26158-4 978-0-387-26160-7},
	publisher = {Springer},
	title = {Computational electromagnetics},
	year = {2005}
}

@book{hecht1998optics,
	author = {Hecht, Eugene},
	edition = {4},
	publisher = {Addison Wesley},
	title = {Optics},
	year = {1998}
}

@article{qiu_dual_2020,
	author = {Qiu, Guangyu and Gai, Zhibo and Tao, Yile and Schmitt, Jean and Kullak-Ublick, Gerd A. and Wang, Jing},
	date = {2020-05-26},
	doi = {10.1021/acsnano.0c02439},
	issn = {1936-0851, 1936-086X},
	journaltitle = {{ACS} Nano},
	number = {5},
	pages = {5268--5277},
	shortjournal = {{ACS} Nano},
	title = {Dual-Functional Plasmonic Photothermal Biosensors for Highly Accurate Severe Acute Respiratory Syndrome Coronavirus 2 Detection},
	url = {https://pubs.acs.org/doi/10.1021/acsnano.0c02439},
	volume = {14}
}

@book{griffiths2013electrodynamics,
	author = {Griffiths, David Jeffrey},
	edition = {4},
	publisher = {Pearson},
	title = {Introduction to electrodynamics},
	year = {2013}
}

@book{bohren_absorption_1983,
	author = {Bohren, Craig F and Huffman, Donald R},
	edition = {1},
	isbn = {0-471-029340-7},
	publisher = {John Wiley \& Sons},
	series = {Wiley {Science} {Paperbak} {Series}},
	title = {Absorption and {Scattering} of {Light} by {Small} {Particles}},
	year = {1983}
}

@article{oates_characterization_2011,
	author = {Oates, T.W.H. and Wormeester, H. and Arwin, H.},
	date = {2011-12},
	doi = {10.1016/j.progsurf.2011.08.004},
	issn = {00796816},
	journaltitle = {Progress in Surface Science},
	number = {11},
	pages = {328--376},
	shortjournal = {Progress in Surface Science},
	title = {Characterization of plasmonic effects in thin films and metamaterials using spectroscopic ellipsometry},
	url = {https://linkinghub.elsevier.com/retrieve/pii/S0079681611000359},
	volume = {86}
}

@book{tsang_scattering_2000,
	address = {New York, USA},
	author = {Tsang, Leung and Kong, Jin Au and Ding, Kung-Hau},
	doi = {10.1002/0471224286},
	isbn = {978-0-471-22428-0 978-0-471-38799-2},
	month = jul,
	publisher = {John Wiley \& Sons, Inc.},
	shorttitle = {Scattering of {Electromagnetic} {Waves}},
	title = {Scattering of {Electromagnetic} {Waves}: {Theories} and {Applications}},
	url = {http://doi.wiley.com/10.1002/0471224286},
	year = {2000}
}

@book{born_max_principle_1999,
	address = {New York, USA},
	author = {Born, Max and Emil, Wolf},
	edition = {7},
	isbn = {0-521-64222-1},
	publisher = {Cambridge University Press},
	title = {Principle of {Optics}: {Electromagnetic} {Theory} of {Propagation}, {Intergerence} and {Diffraction} of {Light}},
	year = {1999}
}

@book{jackson_classical_1999,
	address = {New York},
	author = {Jackson, John David},
	edition = {3},
	isbn = {978-0-471-30932-1},
	keywords = {Electrodynamics},
	publisher = {Wiley},
	title = {Classical electrodynamics},
	year = {1999}
}

@book{zangwill_modern_2013,
	address = {Cambridge},
	author = {Zangwill, Andrew},
	isbn = {978-0-521-89697-9},
	publisher = {Cambridge University Press},
	title = {Modern {E}lectrodynamics},
	year = {2013}
}

@book{stratton_electromagnetic_2012,
	address = {New York},
	author = {Stratton, Julius Adams},
	isbn = {978-1-4437-3054-9},
	publisher = {McGraw-Hill},
	title = {Electromagnetic theory},
	url = {https://archive.org/details/electromagnetict0000stra},
	year = {2012}
}

@book{ibach_solid-state_2009,
	address = {Berlin, Heidelberg},
	author = {Ibach, Harald and L{\"u}th, Hans},
	doi = {10.1007/978-3-540-93804-0},
	isbn = {978-3-540-93803-3 978-3-540-93804-0},
	publisher = {Springer Berlin Heidelberg},
	title = {Solid-{State} {Physics}},
	url = {http://link.springer.com/10.1007/978-3-540-93804-0},
	year = {2009}
}

@article{kabashin_plasmonic_2009,
	author = {Kabashin, A. V. and Evans, P. and Pastkovsky, S. and Hendren, W. and Wurtz, G. A. and Atkinson, R. and Pollard, R. and Podolskiy, V. A. and Zayats, A. V.},
	date = {2009-11},
	doi = {10.1038/nmat2546},
	issn = {1476-1122, 1476-4660},
	journaltitle = {Nature Materials},
	number = {11},
	pages = {867--871},
	shortjournal = {Nature Mater},
	title = {Plasmonic nanorod metamaterials for biosensing},
	url = {http://www.nature.com/articles/nmat2546},
	volume = {8}
}

@book{jin_theory_2010,
	author = {Jin, Jian-Ming},
	isbn = {978-0-470-53359-8},
	publisher = {Wiley \& Sons},
	title = {Theory and {Computation} of {Electromagnetic} {Fields}},
	year = {2010}
}

% ------------------- Optics books ------------------------- -------------------- VSH ------------------------------

@article{barrera_vector_1985,
	author = {Barrera, R G and Estevez, G A and Giraldo, J.},
	doi = {10.1088/0143-0807/6/4/014},
	issn = {0143-0807, 1361-6404},
	journal = {European Journal of Physics},
	month = oct,
	number = {4},
	pages = {287--294},
	title = {Vector spherical harmonics and their application to magnetostatics},
	url = {https://iopscience.iop.org/article/10.1088/0143-0807/6/4/014},
	volume = {6},
	year = {1985}
}

% -------------------- VSH ------------------------------ ------------------- Optical Theorem -------------------------------

@article{pellarin_forward_2019,
	author = {Pellarin, Michel and Bonnet, Christophe and Lerm{\'e}, Jean and Perrier, Floriane and Laverdant, Julien and Lebeault, Marie-Ange and Hermelin, Sylvain and Hillenkamp, Matthias and Broyer, Michel and Cottancin, Emmanuel},
	doi = {10.1021/acs.jpcc.9b03245},
	issn = {1932-7447, 1932-7455},
	journal = {The Journal of Physical Chemistry C},
	month = jun,
	number = {24},
	pages = {15217--15229},
	shorttitle = {Forward and {Backward} {Extinction} {Measurements} on a {Single} {Supported} {Nanoparticle}},
	title = {Forward and {Backward} {Extinction} {Measurements} on a {Single} {Supported} {Nanoparticle}: {Implications} of the {Generalized} {Optical} {Theorem}},
	url = {https://pubs.acs.org/doi/10.1021/acs.jpcc.9b03245},
	volume = {123},
	year = {2019}
}

@article{newton_optical_1976,
	author = {Newton, Roger G.},
	doi = {10.1119/1.10324},
	issn = {0002-9505, 1943-2909},
	journal = {American Journal of Physics},
	month = jul,
	number = {7},
	pages = {639--642},
	title = {Optical theorem and beyond},
	url = {http://aapt.scitation.org/doi/10.1119/1.10324},
	volume = {44},
	year = {1976}
}

@article{krasavin_generalization_2018,
	author = {Krasavin, Alexey V. and Segovia, Paulina and Dubrovka, Rostyslav and Olivier, Nicolas and Wurtz, Gregory A. and Ginzburg, Pavel and Zayats, Anatoly V.},
	doi = {10.1038/s41377-018-0025-x},
	issn = {2047-7538},
	journal = {Light: Science \& Applications},
	month = dec,
	number = {1},
	pages = {36},
	shorttitle = {Generalization of the optical theorem},
	title = {Generalization of the optical theorem: experimental proof for radially polarized beams},
	url = {http://www.nature.com/articles/s41377-018-0025-x},
	volume = {7},
	year = {2018}
}

% ------------------- Optical Theorem ------------------------------- -------------------- Math books ---------------------------------

@book{arfken_mathematical_2001,
	address = {San Diego},
	author = {Arfken, George B. and Weber, Hans-Jurgen},
	edition = {5},
	isbn = {978-0-12-059825-0},
	publisher = {Harcourt/Academic Press},
	title = {Mathematical methods for physicists},
	year = {2001}
}

% -------------------- Math books --------------------------------- ------------------- Sensors -------------------------------

@article{barrera1991optical,
	author = {Barrera, R G and del Castillo-Mussot, M. and Monsivais, G. and Villaseor, P. and Moch{\'a}n, W L},
	doi = {10.1103/PhysRevB.43.13819},
	journal = {Phys. Rev. B},
	number = {17},
	pages = {13819--13826},
	title = {Optical properties of two-dimensional disordered systems on a substrate},
	volume = {43},
	year = {1991}
}

@article{reyes2022enhancement,
	author = {Reyes-Coronado, Alejandro and Pirruccio, Giuseppe and Gonz{\'a}lez-Alcalde, Alma K and Urrutia-Anguiano, Jonathan A and Polanco-Mendoza, Alejandro J and Morales-Luna, Gesuri and V{\'a}zquez-Estrada, Omar and Rodr{\'\i}guez-G{\'o}mez, Arturo and Issa, Ali and Jradi, Safi and others},
	doi = {10.1021/acs.jpcc.1c08325},
	journal = {The Journal of Physical Chemistry C},
	number = {6},
	pages = {3163--3170},
	publisher = {ACS Publications},
	title = {Enhancement of Light Absorption by Leaky Modes in a Random Plasmonic Metasurface},
	volume = {126},
	year = {2022}
}

@article{reyes2018analytical,
	author = {Reyes-Coronado, Alejandro and Morales-Luna, Gesuri and V{\'a}zquez-Estrada, Omar and Garc{\'\i}a-Valenzuela, Augusto and Barrera, Rub{\'e}n G.},
	doi = {10.1364/OE.26.012660},
	doi2 = {10.1364/OE.26.012660},
	issn = {10944087},
	journal = {Optics Express},
	pages = {6697--6706},
	title = {Analytical modeling of optical reflectivity of random plasmonic nano-monolayers},
	volume = {9594},
	year = {2018}
}

@article{moirangthem_enhanced_2012,
	author = {Moirangthem, Rakesh Singh and Yaseen, Mohammad Tariq and Wei, Pei-Kuen and Cheng, Ji-Yen and Chang, Yia-Chung},
	date = {2012-05-01},
	doi = {10.1364/BOE.3.000899},
	issn = {2156-7085, 2156-7085},
	journaltitle = {Biomedical Optics Express},
	number = {5},
	pages = {899},
	shortjournal = {Biomed. Opt. Express},
	title = {Enhanced localized plasmonic detections using partially-embedded gold nanoparticles and ellipsometric measurements},
	url = {https://www.osapublishing.org/boe/abstract.cfm?uri=boe-3-5-899},
	volume = {3}
}

@article{meng_anisotropic_2015,
	author = {Meng, Xuan and Shibayama, Tamaki and Yu, Ruixuan and Ishioka, Junya and Watanabe, Seiichi},
	date = {2015-02},
	doi = {10.1063/1.4908010},
	issn = {2158-3226},
	journaltitle = {{AIP} Adv},
	number = {2},
	pages = {027112},
	shortjournal = {{AIP} Advances},
	title = {Anisotropic surroundings effects on photo absorption of partially embedded Au nanospheroids in silica glass substrate},
	url = {http://aip.scitation.org/doi/10.1063/1.4908010},
	volume = {5}
}

@article{garcia2012multiple,
	author = {Garc{\'\i}a-Valenzuela, Augusto and Guti{\'e}rrez-Reyes, Edah{\'\i} and Barrera, Rub{\'e}n G},
	doi = {10.1364/JOSAA.29.001161},
	journal = {JOSA A},
	number = {6},
	pages = {1161--1179},
	publisher = {Optical Society of America},
	title = {Multiple-scattering model for the coherent reflection and transmission of light from a disordered monolayer of particles},
	volume = {29},
	year = {2012}
}

@article{pena-gomar2006coherent,
	author = {Pe{\~n}a-Gomar, Mary Carmen and Castillo, Francisco and Garc{\'\i}a-Valenzuela, Augusto and Barrera, Rub{\'e}n G and P{\'e}rez, El{\'\i}as},
	doi = {10.1364/AO.45.000626},
	issn = {0003-6935},
	journal = {Applied optics},
	pages = {626--632},
	pmid = {16485672},
	title = {Coherent optical reflectance from a monolayer of large particles adsorbed on a glass surface.},
	volume = {45},
	year = {2006}
}

@article{noguez_surface_2007,
	author = {Noguez, Cecilia},
	doi = {10.1021/jp066539m},
	issn = {1932-7447, 1932-7455},
	journal = {The Journal of Physical Chemistry C},
	number = {10},
	pages = {3806--3819},
	shorttitle = {Surface {Plasmons} on {Metal} {Nanoparticles}},
	title = {Surface {Plasmons} on {Metal} {Nanoparticles}: {The} {Influence} of {Shape} and {Physical} {Environment}},
	url = {https://pubs.acs.org/doi/10.1021/jp066539m},
	volume = {111},
	year = {2007}
}

@article{mendoza_herrera_determination_2014,
	author = {{Mendoza Herrera}, Luis J. and Arboleda, David Mu{\~n}et{\'o}n and Schinca, Daniel C. and Scaffardi, Luc{\'\i}a B.},
	doi = {10.1063/1.4904349},
	issn = {0021-8979, 1089-7550},
	journal = {Journal of Applied Physics},
	number = {23},
	pages = {233105},
	title = {Determination of plasma frequency, damping constant, and size distribution from the complex dielectric function of noble metal nanoparticles},
	url = {http://aip.scitation.org/doi/10.1063/1.4904349},
	volume = {116},
	year = {2014}
}

@article{johnson_optical_1972,
	author = {Johnson, P. B. and Christy, R. W.},
	doi = {10.1103/PhysRevB.6.4370},
	issn = {0556-2805},
	journal = {Physical Review B},
	number = {12},
	pages = {4370--4379},
	title = {Optical {Constants} of the {Noble} {Metals}},
	url = {https://link.aps.org/doi/10.1103/PhysRevB.6.4370},
	volume = {6},
	year = {1972}
}

@article{horvath_gustav_2009,
	author = {Horvath, Helmuth},
	doi = {10.1016/j.jqsrt.2009.02.022},
	issn = {00224073},
	journal = {Journal of Quantitative Spectroscopy and Radiative Transfer},
	month = jul,
	note = {Number: 11},
	number = {11},
	pages = {787--799},
	shorttitle = {Gustav {Mie} and the scattering and absorption of light by particles},
	title = {Gustav {Mie} and the scattering and absorption of light by particles: {Historic} developments and basics},
	url = {https://linkinghub.elsevier.com/retrieve/pii/S0022407309000715},
	volume = {110},
	year = {2009}
}

@article{mie_beitrage_1908,
	author = {Mie, Gustav},
	doi = {10.1002/andp.19083300302},
	issn = {00033804, 15213889},
	journal = {Annalen der Physik},
	note = {Number: 3},
	number = {3},
	pages = {377--445},
	title = {Beitr{\"a}ge zur {Optik} tr{\"u}ber {Medien}, speziell kolloidaler {Metall{\"o}sungen}},
	url = {http://doi.wiley.com/10.1002/andp.19083300302},
	volume = {330},
	year = {1908}
}

@mastersthesis{maciel_escudero_linear_2017,
	address = {Mexico City, Mexico},
	author = {{Maciel Escudero}, Carlos},
	school = {UNAM},
	title = {Linear {Momentum} {Transfer} from {Swift} {Electrons} to {Small} {Metallic} {Nanoparticles}: {Dipole} {Approximation}},
	year = {2017}
}

@book{dhatt_finite_2012,
	address = {London : Hoboken, N.J},
	author = {Dhatt, Gouri and Touzot, Gilbert and Lefran{\c c}ois, Emmanuel},
	isbn = {978-1-84821-368-5},
	publisher = {ISTE ; Wiley},
	series = {Numerical methods series},
	title = {Finite element method},
	year = {2012}
}

@book{fletcher_computational_1984,
	address = {Berlin, Heidelberg},
	author = {Fletcher, C. A. J.},
	doi = {10.1007/978-3-642-85949-6},
	isbn = {978-3-642-85951-9 978-3-642-85949-6},
	publisher = {Springer Berlin Heidelberg},
	title = {Computational {Galerkin} {Methods}},
	url = {http://link.springer.com/10.1007/978-3-642-85949-6},
	year = {1984}
}

@book{larson_finite_2013,
	address = {Berlin, Heidelberg},
	author = {Larson, Mats G. and Bengzon, Fredrik},
	doi = {10.1007/978-3-642-33287-6},
	isbn = {978-3-642-33286-9 978-3-642-33287-6},
	publisher = {Springer Berlin Heidelberg},
	series = {Texts in {Computational} {Science} and {Engineering}},
	shorttitle = {The {Finite} {Element} {Method}},
	title = {The {Finite} {Element} {Method}: {Theory}, {Implementation}, and {Applications}},
	volume = {10},
	year = {2013}
}

%---------------------------------------------------------- Bibliography

@article{barzilai_two-point_1988,
	author = {Barzilai, Jonathan and Borwein, Jonathan M.},
	date = {1988},
	doi = {10.1093/imanum/8.1.141},
	issn = {0272-4979, 1464-3642},
	journaltitle = {{IMA} Journal of Numerical Analysis},
	number = {1},
	pages = {141--148},
	shortjournal = {{IMA} J Numer Anal},
	title = {Two-Point Step Size Gradient Methods},
	url = {https://academic.oup.com/imajna/article-lookup/doi/10.1093/imanum/8.1.141},
	volume = {8}
}

@inproceedings{cuanalo_sensitivity_2022-2,
	author = {Cuanalo-Fern{\'a}ndez, JP and Urrutia-Anguiano, JA and Guerra-Hern{\'a}ndez, SF and Korneev, N. and De-la-Mora-Mojica, MB and Reyes-Coronado, A. and Cosme-Bola{\~n}os, I. and Mansurova, S. and Ramos-Garc{\'\i}a, R.},
	booktitle = {2022 International Conference Laser Optics (ICLO)},
	organization = {IEEE},
	pages = {1--1},
	title = {Sensitivity of random array of gold nano islands for biosensing applications},
	year = {2022}
}

@article{vazquez-estrada_optical_2014,
	author = {V{\'a}zquez-Estrada, Omar and Garc{\'\i}a-Valenzuela, Augusto},
	date = {2014-04-01},
	doi = {10.1364/JOSAA.31.000745},
	issn = {1084-7529, 1520-8532},
	journaltitle = {Journal of the Optical Society of America A},
	note = {Number: 4},
	number = {4},
	pages = {745},
	shortjournal = {J. Opt. Soc. Am. A},
	shorttitle = {Optical reflectivity of a disordered monolayer of highly scattering particles},
	title = {Optical reflectivity of a disordered monolayer of highly scattering particles: coherent scattering model versus experiment},
	url = {https://www.osapublishing.org/abstract.cfm?URI=josaa-31-4-745},
	volume = {31}
}

@article{hammad_improving_2023,
	author = {Hammad, Qudama Kh. and Ayyash, Adil N. and Mutlak, Falah A.-H},
	date = {2023-09},
	doi = {10.1007/s12596-022-00971-4},
	issn = {0972-8821, 0974-6900},
	journaltitle = {Journal of Optics},
	number = {3},
	pages = {1528--1536},
	shortjournal = {J Opt},
	title = {Improving {SERS} substrates with Au/Ag-coated Si nanostructures generated by laser ablation synthesis in {PVA}},
	url = {https://link.springer.com/10.1007/s12596-022-00971-4},
	volume = {52}
}

@article{wang_formation_2011,
	author = {Wang, Dong and Ji, Ran and Schaaf, Peter},
	date = {2011-06-22},
	doi = {10.3762/bjnano.2.37},
	issn = {2190-4286},
	journaltitle = {Beilstein Journal of Nanotechnology},
	pages = {318--326},
	shortjournal = {Beilstein J. Nanotechnol.},
	title = {Formation of precise 2D Au particle arrays via thermally induced dewetting on pre-patterned substrates},
	url = {https://www.beilstein-journals.org/bjnano/articles/2/37},
	volume = {2}
}

@article{svedendahl_fano_2012,
	author = {Svedendahl, Mikael and K{\"a}ll, Mikael},
	date = {2012-08-28},
	doi = {10.1021/nn302879j},
	issn = {1936-0851, 1936-086X},
	journaltitle = {{ACS} Nano},
	note = {Number: 8},
	number = {8},
	pages = {7533--7539},
	shortjournal = {{ACS} Nano},
	title = {Fano Interference between Localized Plasmons and Interface Reflections},
	url = {https://pubs.acs.org/doi/10.1021/nn302879j},
	volume = {6}
}

@article{bosi_transmission_1992,
	author = {Bosi, Giulio},
	date = {1992-02-01},
	doi = {10.1364/JOSAB.9.000208},
	issn = {0740-3224, 1520-8540},
	journaltitle = {Journal of the Optical Society of America B},
	number = {2},
	pages = {208},
	shortjournal = {J. Opt. Soc. Am. B},
	title = {Transmission of a thin film of spherical particles on a dielectric substrate: the concept of effective medium revisited},
	volume = {9}
}

% ------------------- Optics books -------------------------

@article{qiu_differential_2015-2,
	author = {Qiu, Guangyu and Ng, Siu Pang and Wu, Chi Man Lawrence},
	date = {2015-05-01},
	doi = {10.1364/OL.40.001924},
	issn = {0146-9592, 1539-4794},
	journaltitle = {Optics Letters},
	number = {9},
	pages = {1924},
	shortjournal = {Opt. Lett.},
	title = {Differential phase-detecting localized surface plasmon resonance sensor with self-assembly gold nano-islands},
	url = {https://www.osapublishing.org/abstract.cfm?URI=ol-40-9-1924},
	volume = {40}
}

@article{stockman_nanoplasmonics_2011-2,
	author = {Stockman, Mark I.},
	date = {2011-02},
	doi = {10.1063/1.3554315},
	issn = {0031-9228, 1945-0699},
	journaltitle = {Physics Today},
	number = {2},
	pages = {39--44},
	shortjournal = {Physics Today},
	shorttitle = {Nanoplasmonics},
	title = {Nanoplasmonics: The physics behind the applications},
	url = {http://physicstoday.scitation.org/doi/10.1063/1.3554315},
	volume = {64}
}

@article{khan_optical_2022,
	author = {Khan, Sayed Ali and Khan, Noor Zamin and Xie, Yinong and Abbas, Muhammad Tahir and Rauf, Muhammad and Mehmood, Ikhtisham and Runowski, Marcin and Agathopoulos, Simeon and Zhu, Jinfeng},
	date = {2022-09},
	doi = {10.1002/adom.202200500},
	issn = {2195-1071, 2195-1071},
	journaltitle = {Advanced Optical Materials},
	number = {18},
	pages = {2200500},
	shortjournal = {Advanced Optical Materials},
	shorttitle = {Optical Sensing by Metamaterials and Metasurfaces},
	title = {Optical Sensing by Metamaterials and Metasurfaces: From Physics to Biomolecule Detection},
	url = {https://onlinelibrary.wiley.com/doi/10.1002/adom.202200500},
	volume = {10}
}

@article{svedendahl_refractometric_2014-2,
	author = {Svedendahl, Mikael and Verre, Ruggero and K{\"a}ll, Mikael},
	date = {2014-11},
	doi = {10.1038/lsa.2014.101},
	issn = {2047-7538},
	journaltitle = {Light: Science \& Applications},
	number = {11},
	pages = {e220},
	shortjournal = {Light Sci Appl},
	title = {Refractometric biosensing based on optical phase flips in sparse and short-range-ordered nanoplasmonic layers},
	url = {http://www.nature.com/articles/lsa2014101},
	volume = {3}
}

@article{stratton_diffraction_1939-2,
	author = {Stratton, J. A. and Chu, L. J.},
	date = {1939-07-01},
	doi = {10.1103/PhysRev.56.99},
	issn = {0031-899X},
	journaltitle = {Physical Review},
	number = {1},
	pages = {99--107},
	shortjournal = {Phys. Rev.},
	title = {Diffraction Theory of Electromagnetic Waves},
	url = {https://link.aps.org/doi/10.1103/PhysRev.56.99},
	volume = {56}
}

@book{sihvola_electromagnetic_2008-2,
	author = {Sihvola, Ari},
	date = {2008},
	isbn = {978-0-85296-772-0},
	publisher = {The Institution of Engineering and Technology},
	series = {Electronic Waves},
	title = {Electromagnetic Mixing Formulas and Applications}
}

@article{schot_eighty_1992-2,
	author = {Schot, Steven H},
	date = {1992-11},
	doi = {10.1016/0315-0860(92)90004-U},
	issn = {03150860},
	journaltitle = {Historia Mathematica},
	number = {4},
	pages = {385--401},
	shortjournal = {Historia Mathematica},
	title = {Eighty years of {S}ommerfeld's radiation condition},
	url = {https://linkinghub.elsevier.com/retrieve/pii/031508609290004U},
	volume = {19}
}

@book{silver_microwave_1984-2,
	author = {Silver, Samuel},
	date = {1984},
	isbn = {978-0-86341-017-8},
	pagetotal = {640},
	publisher = {The Institution of Engineering and Technology},
	title = {Microwave Antenna Theory and Design}
}

@article{qiu_dual_2020-2,
	author = {Qiu, Guangyu and Gai, Zhibo and Tao, Yile and Schmitt, Jean and Kullak-Ublick, Gerd A. and Wang, Jing},
	date = {2020-05-26},
	doi = {10.1021/acsnano.0c02439},
	issn = {1936-0851, 1936-086X},
	journaltitle = {{ACS} Nano},
	number = {5},
	pages = {5268--5277},
	shortjournal = {{ACS} Nano},
	title = {Dual-Functional Plasmonic Photothermal Biosensors for Highly Accurate Severe Acute Respiratory Syndrome Coronavirus 2 Detection},
	url = {https://pubs.acs.org/doi/10.1021/acsnano.0c02439},
	volume = {14}
}

@book{tsang_scattering_2000-2,
	address = {New York, USA},
	author = {Tsang, Leung and Kong, Jin Au and Ding, Kung-Hau},
	doi = {10.1002/0471224286},
	isbn = {978-0-471-22428-0 978-0-471-38799-2},
	month = jul,
	publisher = {John Wiley \& Sons, Inc.},
	shorttitle = {Scattering of {Electromagnetic} {Waves}},
	title = {Scattering of {Electromagnetic} {Waves}: {Theories} and {Applications}},
	url = {http://doi.wiley.com/10.1002/0471224286},
	year = {2000}
}

@book{zangwill_modern_2013-2,
	address = {Cambridge},
	author = {Zangwill, Andrew},
	isbn = {978-0-521-89697-9},
	publisher = {Cambridge University Press},
	title = {Modern {E}lectrodynamics},
	year = {2013}
}

@book{stratton_electromagnetic_2012-2,
	address = {New York},
	author = {Stratton, Julius Adams},
	isbn = {978-1-4437-3054-9},
	publisher = {McGraw-Hill},
	title = {Electromagnetic theory},
	url = {https://archive.org/details/electromagnetict0000stra},
	year = {2012}
}

% ------------------- Optics books ------------------------- -------------------- VSH ------------------------------

% -------------------- VSH ------------------------------ ------------------- Optical Theorem -------------------------------

@article{pellarin_forward_2019-2,
	author = {Pellarin, Michel and Bonnet, Christophe and Lerm{\'e}, Jean and Perrier, Floriane and Laverdant, Julien and Lebeault, Marie-Ange and Hermelin, Sylvain and Hillenkamp, Matthias and Broyer, Michel and Cottancin, Emmanuel},
	doi = {10.1021/acs.jpcc.9b03245},
	issn = {1932-7447, 1932-7455},
	journal = {The Journal of Physical Chemistry C},
	month = jun,
	number = {24},
	pages = {15217--15229},
	shorttitle = {Forward and {Backward} {Extinction} {Measurements} on a {Single} {Supported} {Nanoparticle}},
	title = {Forward and {Backward} {Extinction} {Measurements} on a {Single} {Supported} {Nanoparticle}: {Implications} of the {Generalized} {Optical} {Theorem}},
	url = {https://pubs.acs.org/doi/10.1021/acs.jpcc.9b03245},
	volume = {123},
	year = {2019}
}

% ------------------- Optical Theorem ------------------------------- -------------------- Math books ---------------------------------

% -------------------- Math books --------------------------------- ------------------- Sensors -------------------------------

@article{barrera_coherent_2003,
	author = {Barrera, Rub{\'e}n G. and Garc{\'\i}a-Valenzuela, Augusto},
	date = {2003-02-01},
	doi = {10.1364/JOSAA.20.000296},
	issn = {1084-7529, 1520-8532},
	journaltitle = {Journal of the Optical Society of America A},
	number = {2},
	pages = {296},
	shortjournal = {J. Opt. Soc. Am. A},
	title = {Coherent reflectance in a system of random Mie scatterers and its relation to the effective-medium approach},
	url = {https://www.osapublishing.org/abstract.cfm?URI=josaa-20-2-296},
	volume = {20}
}

@article{reyes2022enhancement-2,
	author = {Reyes-Coronado, Alejandro and Pirruccio, Giuseppe and Gonz{\'a}lez-Alcalde, Alma K and Urrutia-Anguiano, Jonathan A and Polanco-Mendoza, Alejandro J and Morales-Luna, Gesuri and V{\'a}zquez-Estrada, Omar and Rodr{\'\i}guez-G{\'o}mez, Arturo and Issa, Ali and Jradi, Safi and others},
	doi = {10.1021/acs.jpcc.1c08325},
	journal = {The Journal of Physical Chemistry C},
	number = {6},
	pages = {3163--3170},
	publisher = {ACS Publications},
	title = {Enhancement of Light Absorption by Leaky Modes in a Random Plasmonic Metasurface},
	volume = {126},
	year = {2022}
}

@article{reyes2018analytical-2,
	author = {Reyes-Coronado, Alejandro and Morales-Luna, Gesuri and V{\'a}zquez-Estrada, Omar and Garc{\'\i}a-Valenzuela, Augusto and Barrera, Rub{\'e}n G.},
	doi = {10.1364/OE.26.012660},
	issn = {10944087},
	journal = {Optics Express},
	pages = {6697--6706},
	title = {Analytical modeling of optical reflectivity of random plasmonic nano-monolayers},
	volume = {9594},
	year = {2018}
}

@article{pena-gomar2006coherent-2,
	author = {Pe{\~n}a-Gomar, Mary Carmen and Castillo, Francisco and Garc{\'\i}a-Valenzuela, Augusto and Barrera, Rub{\'e}n G and P{\'e}rez, El{\'\i}as},
	doi = {10.1364/AO.45.000626},
	issn = {0003-6935},
	journal = {Applied optics},
	pages = {626--632},
	pmid = {16485672},
	title = {Coherent optical reflectance from a monolayer of large particles adsorbed on a glass surface.},
	volume = {45},
	year = {2006}
}

@article{loiko_monolayers_1998,
	author = {Loiko, Valery A. and Dick, Vladimir P. and Molochko, Vladimir I.},
	date = {1998-09-01},
	doi = {10.1364/JOSAA.15.002351},
	issn = {1084-7529, 1520-8532},
	journaltitle = {Journal of the Optical Society of America A},
	number = {9},
	pages = {2351},
	shortjournal = {J. Opt. Soc. Am. A},
	shorttitle = {Monolayers of discrete scatterers},
	title = {Monolayers of discrete scatterers: comparison of the single-scattering and quasi-crystalline approximations},
	url = {https://opg.optica.org/abstract.cfm?URI=josaa-15-9-2351},
	volume = {15}
}

